<record><leader>00000cas a2200000 a 4500</leader><controlfield tag="001">13877980</controlfield><controlfield tag="008">860716c19249999ncuwr ne      0   a0eng c</controlfield><datafield ind1=" " ind2=" " tag="010"><subfield code="a">sn 97064514 </subfield></datafield><datafield ind1=" " ind2=" " tag="040"><subfield code="a">NIL</subfield><subfield code="b">eng</subfield><subfield code="c">NIL</subfield><subfield code="d">OCL</subfield><subfield code="d">NVJ</subfield><subfield code="d">OCL</subfield><subfield code="d">NSD</subfield><subfield code="d">OCLCQ</subfield><subfield code="d">NCCHA</subfield><subfield code="d">OCLCQ</subfield><subfield code="d">OCLCF</subfield><subfield code="d">AU@</subfield><subfield code="d">OCLCO</subfield></datafield><datafield ind1=" " ind2=" " tag="012"><subfield code="l">1</subfield></datafield><datafield ind1=" " ind2=" " tag="019"><subfield code="a">881804236</subfield><subfield code="a">994398332</subfield></datafield><datafield ind1="1" ind2=" " tag="022"><subfield code="a">1933-7345</subfield><subfield code="l">1933-7345</subfield><subfield code="2">1</subfield></datafield><datafield ind1="1" ind2=" " tag="029"><subfield code="a">AU@</subfield><subfield code="b">000013197199</subfield></datafield><datafield ind1="1" ind2=" " tag="029"><subfield code="a">AU@</subfield><subfield code="b">000061153049</subfield></datafield><datafield ind1=" " ind2=" " tag="037"><subfield code="b">Legal and Business Publishers, Inc., P.O. Box 36306 Charlotte, N.C. 28236</subfield></datafield><datafield ind1=" " ind2=" " tag="042"><subfield code="a">pcc</subfield><subfield code="a">nsdp</subfield></datafield><datafield ind1=" " ind2=" " tag="043"><subfield code="a">n-us-nc</subfield></datafield><datafield ind1="1" ind2="0" tag="050"><subfield code="a">ISSN RECORD</subfield></datafield><datafield ind1=" " ind2="4" tag="222"><subfield code="a">The Mecklenburg times</subfield></datafield><datafield ind1="0" ind2="4" tag="245"><subfield code="a">The Mecklenburg times.</subfield></datafield><datafield ind1=" " ind2=" " tag="260"><subfield code="a">Charlotte, N.C. :</subfield><subfield code="b">J.Z. Green and B. Arp Lowrance</subfield></datafield><datafield ind1=" " ind2=" " tag="300"><subfield code="a">v.</subfield></datafield><datafield ind1=" " ind2=" " tag="310"><subfield code="a">Weekly,</subfield><subfield code="b">&lt;July 21, 2006-&gt;</subfield></datafield><datafield ind1=" " ind2=" " tag="321"><subfield code="a">Semiweekly,</subfield><subfield code="b">&lt;Jan. 4, 1977-&gt;</subfield></datafield><datafield ind1=" " ind2=" " tag="321"><subfield code="a">Weekly,</subfield><subfield code="b">Aug. 21, 1924-Jan. 12, 1967</subfield></datafield><datafield ind1=" " ind2=" " tag="321"><subfield code="a">Daily (except Saturday and Sunday),</subfield><subfield code="b">Jan. 16, 1967-Mar. 28, 1969</subfield></datafield><datafield ind1=" " ind2=" " tag="321"><subfield code="a">Triweekly,</subfield><subfield code="b">Mar. 31, 1969-&lt;Dec. 31, 1975&gt;</subfield></datafield><datafield ind1="0" ind2=" " tag="362"><subfield code="a">Vol. 1, no. 1 (Aug. 21, 1924)-v. 41, no. 21 (Jan. 12, 1967) ; new ser., v. 1, no. 1 (Jan. 16, 1967)-v. 5, no. 456 (Dec. 25, 1972) ; v. 49, no. 1 (Jan. 3, 1972)-</subfield></datafield><datafield ind1=" " ind2=" " tag="588"><subfield code="a">Latest issue consulted: Vol. 82, no. 58 (July 21, 2006).</subfield></datafield><datafield ind1=" " ind2="0" tag="650"><subfield code="a">Law</subfield><subfield code="v">Periodicals.</subfield></datafield><datafield ind1=" " ind2="0" tag="650"><subfield code="a">Real estate business</subfield><subfield code="z">North Carolina</subfield><subfield code="z">Mecklenburg County</subfield><subfield code="v">Newspapers.</subfield></datafield><datafield ind1=" " ind2="0" tag="650"><subfield code="a">Law reports, digests, etc.</subfield><subfield code="z">North Carolina</subfield><subfield code="z">Charlotte</subfield><subfield code="v">Newspapers.</subfield></datafield><datafield ind1=" " ind2="0" tag="651"><subfield code="a">Charlotte (N.C.)</subfield><subfield code="v">Newspapers.</subfield></datafield><datafield ind1=" " ind2="0" tag="651"><subfield code="a">Mecklenburg County (N.C.)</subfield><subfield code="v">Newspapers.</subfield></datafield><datafield ind1=" " ind2="7" tag="655"><subfield code="a">Newspapers.</subfield><subfield code="2">fast</subfield><subfield code="0">(OCoLC)fst01423814</subfield></datafield><datafield ind1=" " ind2="7" tag="655"><subfield code="a">Periodicals.</subfield><subfield code="2">fast</subfield><subfield code="0">(OCoLC)fst01411641</subfield></datafield><datafield ind1=" " ind2="7" tag="650"><subfield code="a">Law.</subfield><subfield code="2">fast</subfield><subfield code="0">(OCoLC)fst00993678</subfield></datafield><datafield ind1=" " ind2="7" tag="650"><subfield code="a">Law reports, digests, etc.</subfield><subfield code="2">fast</subfield><subfield code="0">(OCoLC)fst00994106</subfield></datafield><datafield ind1=" " ind2="7" tag="650"><subfield code="a">Real estate business.</subfield><subfield code="2">fast</subfield><subfield code="0">(OCoLC)fst01090898</subfield></datafield><datafield ind1=" " ind2="7" tag="651"><subfield code="a">North Carolina</subfield><subfield code="z">Charlotte.</subfield><subfield code="2">fast</subfield><subfield code="0">(OCoLC)fst01204596</subfield></datafield><datafield ind1=" " ind2="7" tag="651"><subfield code="a">North Carolina</subfield><subfield code="z">Mecklenburg County.</subfield><subfield code="2">fast</subfield><subfield code="0">(OCoLC)fst01208074</subfield></datafield><datafield ind1=" " ind2="0" tag="655"><subfield code="a">Electronic journals</subfield></datafield><datafield ind1=" " ind2=" " tag="752"><subfield code="a">United States</subfield><subfield code="b">North Carolina</subfield><subfield code="c">Mecklenburg</subfield><subfield code="d">Charlotte.</subfield></datafield></record>